@book{schutz2009first,
  title={A first course in general relativity},
  author={Schutz, Bernard},
  year={2009},
  publisher={Cambridge university press}
}

@book{doughty2018lagrangian,
  title={Lagrangian interaction: an introduction to relativistic symmetry in electrodynamics and gravitation},
  author={Doughty, Noel},
  year={2018},
  publisher={CRC Press}
}

@article{montgomery2009michell,
  title={Michell, Laplace and the origin of the black hole concept},
  author={Montgomery, Colin and Orchiston, Wayne and Whittingham, Ian},
  journal={Journal of Astronomical History and Heritage},
  volume={12},
  pages={90--96},
  year={2009},
  publisher={Centre for Astronomy, James Cook University}
}